<?xml version="1.0" encoding="UTF-8"?><collection xmlns="http://www.loc.gov/MARC21/slim"><record><leader>00401nam--2200133-i-4500</leader><controlfield tag="001">000044868</controlfield><controlfield tag="002">20161230</controlfield><controlfield tag="005">20161230201044</controlfield><controlfield tag="008">060222s1000------------r-----000-0-eng-d</controlfield><datafield ind1="1" ind2=" " tag="100"><subfield code="a">Titchmarsh, E.C</subfield></datafield><datafield ind1="1" ind2="0" tag="245"><subfield code="a">EIGENFUNCTION EXPANSIONS ASSOCIATED WITH SECOND-ORDER DIFFERENTIAL EQUATIONS. Part I</subfield></datafield><datafield ind1=" " ind2=" " tag="260"><subfield code="a">Oxford, Clarendon Press, 1962, 203p</subfield></datafield><datafield ind1=" " ind2=" " tag="852"><subfield code="a">19737</subfield><subfield code="c">517.9</subfield></datafield><datafield ind1=" " ind2=" " tag="CAT"><subfield code="a">Sys</subfield><subfield code="c">20080930</subfield><subfield code="h">130100</subfield></datafield></record></collection>